@book{abadir2005matrix,
  title     = {Matrix algebra},
  author    = {Abadir, Karim M and Magnus, Jan R},
  volume    = {1},
  year      = {2005},
  publisher = {Cambridge University Press}
}
@unpublished{aklin2017can,
  title       = {How can we estimate the effectiveness of institutions? Solving the post-treatment versus omitted variable bias dilemma},
  author      = {Aklin, Micha{\"e}l and Bayer, Patrick},
  year        = {2017}
}
@book{angrist2009mostly,
  title     = {Mostly harmless econometrics: An empiricist's companion},
  author    = {Angrist, Joshua D and Pischke, J{\"o}rn-Steffen},
  year      = {2009},
  publisher = {Princeton university press}
}
@article{ellison1999geographic,
  title={The geographic concentration of industry: does natural advantage explain agglomeration?},
  author={Ellison, Glenn and Glaeser, Edward L},
  journal={American Economic Review},
  volume={89},
  pages={311--316},
  year={1999}
}
@article{Abadie_2005,
  title={Semiparametric Difference-in-Differences Estimators},
  author={Abadie, Alberto},
  journal={Review of Economic Studies},
  volume={72},
  pages={1--19},
  year={2005}
}
@article{bai2009panel,
  title     = {Panel data models with interactive fixed effects},
  author    = {Bai, Jushan},
  journal   = {Econometrica},
  volume    = {77},
  pages     = {1229--1279},
  year      = {2009}
}
@article{borusyak2021revisiting,
  title   = {Revisiting event study designs: Robust and efficient estimation},
  author  = {Borusyak, Kirill and Jaravel, Xavier and Spiess, Jann},
  journal = {Review of Economic Studies},
  pages   = {forthcoming},
  year    = {2024}
}
@article{Eberhardt2022,
  title   = {Democracy, growth, heterogeneity, and robustness},
  author  = {Eberhardt, Markus},
  journal = {European Economic Review},
  volume    = {147},
  pages     = {104173},
  year    = {2022}
}
@article{deChaisemartin_DHaultfoeuille_2020,
  title   = {Two-Way Fixed Effects Estimators with Heterogeneous Treatment Effects},
  author  = {de Chaisemartin, C. and D'Haultf{\oe}uille, X.},
  journal = {American Economic Review},
  volume  = {110},
  pages   = {2964--2996},
  year    = {2020}
}
@article{Bai_Ng_2006,
title = {Evaluating latent and observed factors in macroeconomics and finance},
journal = {Journal of Econometrics},
volume = {131},
pages = {507--537},
year = {2006},
author = {Jushan Bai and Serena Ng}
}
@article{breitung2021alternative,
  title     = {Alternative estimation approaches for the factor augmented panel data model with small T},
  author    = {Breitung, J{\"o}rg and Hansen, Philipp},
  journal   = {Empirical Economics},
  volume    = {60},
  pages     = {327--351},
  year      = {2021}
}
@unpublished{Brown_Schmidt_Wooldridge_2021,
  title   = {Simple alternatives to the common correlated effects model},
  year    = {2022},
  author  = {Brown, Nicholas L and Schmidt, Peter and Wooldridge, Jeffrey M},
  note = {arXiv:2112.01486}
}
@unpublished{brown2022generalized,
  title   = {Dynamic Treatment Effect Estimation with Interactive Fixed Effect Models and Short Panels},
  author  = {Brown, Nicholas and Butts, Kyle},
  year    = {2023}
}
@unpublished{Moon_Weidner_2019,
  title   = {Nuclear Norm Regularized Estimation of Panel Regression Models},
  author  = {Moon, H. R. and Weidner, M.},
  year    = {2019},
  journal = {arXiv:1810.10987}
}
@unpublished{Caetano_Callaway_Payne_Rodrigues_2022,
  title    = {Difference-in-Differences with Time-Varying Covariates in the Parallel Trends Assumption},
  note     = {arXiv: 2202.02903},
  author   = {Caetano, Carolina and Callaway, Brantly},
  year     = {2023}
}
@article{Callaway_Karami_2020,
  title    = {Treatment Effects in Interactive Fixed Effects Models with a Small Number of Time Periods},
  author   = {Callaway, Brantly and Karami, Sonia},
  journal  = {Journal of Econometrics},
  year     = {2024},
  pages    = {forthcoming}
}
@article{Juodis_etal_2021,
  title    = {On the Robustness of the Pooled CCE Estimator},
  author   = {Juodis, A. and Karabiyik, H. and Westerlund, J.},
  journal  = {Journal of Econometrics},
  year     = {2021},
  volume   = {220},
  pages    = {325--348}
}
@article{Chen_etal_2019,
  title    = {A forensic examination of {C}hina's national accounts},
  journal  = {Brookings Papers on Economic Activity},
  author   = {Chen, W. and Chen, X. and Hsieh, C.-T. and Song, Z.},
  pages    = {77--141},
  year     = {2019}
}
@article{SantAnna_Zhao2020,
  title    = {Doubly Robust Difference-in-Differences Estimators},
  journal  = {Journal of Econometrics},
  author   = {Sant'Anna, Pedro H.C. and Zhao, Jun},
  year     = {2020},
  volume   = {219},
  pages    = {101--122}
}

@article{Callaway_SantAnna_2020,
  title    = {Difference-in-Differences with Multiple Time Periods},
  journal  = {Journal of Econometrics},
  author   = {Callaway, Brantly and Sant'Anna, Pedro H.C.},
  year     = {2021},
  pages    = {S0304407620303948}
}
@article{chan2022pcdid,
  title     = {The PCDID approach: difference-in-differences when trends are potentially unparallel and stochastic},
  author    = {Chan, Marc K and Kwok, Simon S},
  journal   = {Journal of Business \& Economic Statistics},
  volume    = {40},
  pages     = {1216--1233},
  year      = {2022}
}
@article{Mao_Xu_2019,
  title     = {Input trade liberalisation, institution and markup: {E}vidence from {C}hina's accession to the {WTO}},
  author    = {Mao, Q. and Xu, J.},
  journal   = {World Economy},
  volume    = {42},
  pages     = {3537--3568},
  year      = {2019}
}
@article{Fan_etal_2018,
  title     = {Trade liberalization and markups: {M}icro evidence from {C}hina},
  author    = {Fan, H. and Gao, X. and Li, Y. A. and Luong, T. A.},
  journal   = {Journal of Comparative Economics},
  volume    = {46},
  pages     = {103--130},
  year      = {2018}
}
@article{Deng_etal_2018,
  title     = {Trade liberalisation and domestic brands: {E}vidence from {C}hina's accession to the {WTO}},
  author    = {Deng, X. and Jing, R. and Liang, Z.},
  journal   = {World Economy},
  volume    = {43},
  pages     = {2237--2262},
  year      = {2018}
}
@article{Liu_Ma_2021,
  title     = {Input trade liberalisation and markup distribution: {E}vidence from {C}hina},
  author    = {Liu, Z. and Ma, H.},
  journal   = {Economic Inquiry},
  volume    = {59},
  pages     = {344--360},
  year      = {2021}
}
@article{Brandt_etal_2017,
  title     = {{WTO} accession and performance of {C}hinese manufacturing firms},
  author    = {Brandt, L. and Van Biesebroeck, J. and Wang, L. and Zhang, Y.},
  journal   = {American Economic Review},
  volume    = {107},
  pages     = {2784--2820},
  year      = {2017}
}
@article{Hsu_etal_2020,
  title     = {Competition, markups, and gains from trade: {A} quantitative analysis of {C}hina between 1995 and 2004},
  author    = {Hsu, W.-T. and Lu, Y. and Wu, G. L.},
  journal   = {Journal of International Economics},
  volume    = {122},
  pages     = {103266},
  year      = {2020}
}
@article{Xiang_etal_2017,
  title     = {Heterogeneous effects of trade liberalisation on firm-level markups: {E}vidence from {C}hina},
  author    = {Xiang, X. and Chen, F. and Ho, C.-Y. and Yue, W.},
  journal   = {World Economy},
  volume    = {40},
  pages     = {1667--1686},
  year      = {2017}
}
@article{Liu_Qiu_2016,
  title     = {Intermediate input imports and innovations: {E}vidence from {C}hinese firms' patent filings},
  author    = {Liu, Q. and Qiu, L. D.},
  journal   = {Journal of International Economics},
  volume    = {103},
  pages     = {166-6-183},
  year      = {2016}
}
@article{chudik2011weak,
  author    = {Alexander Chudik and M. Hashem Pesaran and Elisa Tosetti},
  journal   = {The Econometrics Journal},
  pages     = {C45--C90},
  title     = {Weak and strong cross-section dependence and estimation of large panels},
  volume    = {14},
  year      = {2011}
}
@article{Gobillon_Magnac_2016,
  title    = {Regional Policy Evaluation: Interactive Fixed Effects and Synthetic Controls},
  volume   = {98},
  journal  = {Review of Economics and Statistics},
  author   = {Gobillon, Laurent and Magnac, Thierry},
  year     = {2016},
  pages    = {535--551}
}
@article{Bertrand_etal_2004,
  title    = {How Much Should We Trust Differences-in-Differences Estimates?},
  volume   = {119},
  journal  = {Quarterly Journal of Economics},
  author   = {Bertrand, M. and Duflo, E. and Mullainathan, S.},
  year     = {2004},
  pages    = {249--275}
}
@article{huber2014identifying,
  title     = {Identifying causal mechanisms (primarily) based on inverse probability weighting},
  author    = {Huber, Martin},
  journal   = {Journal of Applied Econometrics},
  volume    = {29},
  pages     = {920--943},
  year      = {2014}
}
@article{juodis2021robustness,
  title     = {On the robustness of the pooled CCE estimator},
  author    = {Juodis, Art{\=u}ras and Karabiyik, Hande and Westerlund, Joakim},
  journal   = {Journal of Econometrics},
  volume    = {220},
  pages     = {325--348},
  year      = {2021}
}
@article{leeb2005model,
  title     = {Model selection and inference: Facts and fiction},
  author    = {Leeb, Hannes and P{\"o}tscher, Benedikt M},
  journal   = {Econometric Theory},
  volume    = {21},
  pages     = {21--59},
  year      = {2005}
}
@article{loecker2012markups,
  title     = {Markups and firm-level export status},
  author    = {Loecker, Jan De and Warzynski, Frederic},
  journal   = {American Economic Review},
  volume    = {102},
  pages     = {2437--2471},
  year      = {2012}
}
@article{lu2015trade,
  title     = {Trade liberalization and markup dispersion: evidence from China's WTO accession},
  author    = {Lu, Yi and Yu, Linhui},
  journal   = {American Economic Journal: Applied Economics},
  volume    = {7},
  pages     = {221--253},
  year      = {2015}
}
@article{mackinnon2007mediation,
  title     = {Mediation analysis},
  author    = {MacKinnon, David P and Fairchild, Amanda J and Fritz, Matthew S},
  journal   = {Annual review of psychology},
  volume    = {58},
  pages     = {593},
  year      = {2007}
}
@article{moon2015linear,
  title     = {Linear regression for panel with unknown number of factors as interactive fixed effects},
  author    = {Moon, Hyungsik Roger and Weidner, Martin},
  journal   = {Econometrica},
  volume    = {83},
  pages     = {1543--1579},
  year      = {2015}
}
@article{pesaran2006estimation,
  title     = {Estimation and inference in large heterogeneous panels with a multifactor error structure},
  author    = {Pesaran, M Hashem},
  journal   = {Econometrica},
  volume    = {74},
  pages     = {967--1012},
  year      = {2006}
}
@article{westerlund2019cce,
  title     = {{CCE} in fixed-{T} panels},
  author    = {Westerlund, Joakim and Petrova, Yana and Norkute, Milda},
  journal   = {Journal of Applied Econometrics},
  volume    = {34},
  pages     = {746--761},
  year      = {2019}
}
@article{DeVos_Stauskas_2024,
  title     = {Cross-section bootstrap for {CCE} regressions},
  author    = {De Vos, Ignace and Stauskas, Ovidijus},
  journal   = {Journal of Econometrics},
  volume    = {240},
  pages     = {105648},
  year      = {2024}
}
@article{DeVos_Westerlund_2019,
  title     = {On {CCE} estimation of factor-augmented models when regressors are not linear in the factors},
  author    = {De Vos, Ignace and Westerlund, Joakim},
  journal   = {Economics Letters},
  volume    = {178},
  pages     = {5--7},
  year      = {2019}
}
@article{Cheng_Huang_2010,
  title     = {Bootstrap consistency for general semiparametric m-estimation},
  author    = {Cheng, G. and Huang, J. Z.},
  journal   = {Annals of Statistics},
  volume    = {38},
  pages     = {2884--2915},
  year      = {2010}
}
@article{westerlund2022cce,
  title   = {CCE in heterogenous fixed-$T$ panels},
  author  = {Westerlund, Joakim and Kaddoura, Yousef},
  journal = {Econometrics Journal},
  year    = {2022}
}
@article{Wooldridge_2005,
  title     = {Fixed-effects and related estimators for correlated random-coefficient and treatment-effect panel data models},
  author    = {Wooldridge, Jeffrey M},
  journal   = {Review of Economics and Statistics},
  volume    = {87},
  pages     = {385--390},
  year      = {2005}
}
@article{Xu_2017,
  title    = {Generalized Synthetic Control Method: Causal Inference with Interactive Fixed Effects Models},
  volume   = {25},
  journal  = {Political Analysis},
  author   = {Xu, Yiqing},
  year     = {2017},
  pages    = {57--76}
}
@article{De_Vos_2024test,
  title     = {A method to evaluate the rank condition for {CCE} estimators},
  author    = {De Vos, I. and Everaert, G. and Sarafidis, V.},
  journal   = {Econometric Reviews},
  volume    = {43},
  pages     = {123--155},
  year      = {2024}
}
@article{Kim_Oka2014,
  title     = {Divorce Law Reforms and Divorce Rates in the {USA}: {A}n Interactive Fixed-Effects Approach},
  author    = {Kim, D. and Oka, T.},
  journal   = {Journal of Applied Econometrics},
  volume    = {29},
  pages     = {231--245},
  year      = {2014}
}
@article{Arkhangelsky_2021_synthetic_DID,
	title        = {Synthetic difference-in-differences},
	author       = {Arkhangelsky, Dmitry and Athey, Susan and Hirshberg, David A and Imbens, Guido W and Wager, Stefan},
	year         = 2021,
	journal      = {American Economic Review},
	volume       = 111,
	pages        = {4088--4118}
}
@article{de2024cross,
	title        = {Cross-section bootstrap for {CCE} regressions},
	author       = {De Vos, Ignace and Stauskas, Ovidijus},
	year         = 2024,
	journal      = {Journal of Econometrics},
	publisher    = {Elsevier},
	volume       = 240,
	pages        = 105648
}
@article{de2019cce,
	title        = {On CCE estimation of factor-augmented models when regressors are not linear in the factors},
	author       = {De Vos, Ignace and Westerlund, Joakim},
	year         = 2019,
	journal      = {Economics letters},
	volume       = 178,
	pages        = {5--7}
}
@article{cheng2010bootstrap,
	title        = {Bootstrap Consistency for General Semiparametric {M}-estimation},
	author       = {Cheng, Guang and Huang, Jianhua Z},
	year         = 2010,
	journal      = {The Annals of Statistics},
	volume       = 38,
	pages        = {2884--2915}
}




